@article{ren2017virfinder,
  title={VirFinder: a novel k-mer based tool for identifying viral sequences from assembled metagenomic data},
  author={Ren, Jie and Ahlgren, Nathan A and Lu, Yang Young and Fuhrman, Jed A and Sun, Fengzhu},
  journal={Microbiome},
  volume={5},
  number={1},
  pages={69},
  year={2017},
  publisher={BioMed Central}
}

@article{roux2015virsorter,
	title={VirSorter: mining viral signal from microbial genomic data},
	author={Roux, Simon and Enault, Francois and Hurwitz, Bonnie L and Sullivan, Matthew B},
	journal={PeerJ},
	volume={3},
	pages={e985},
	year={2015},
	publisher={PeerJ Inc.}
}

@article{roux2015viral,
	title={Viral dark matter and virus--host interactions resolved from publicly available microbial genomes},
	author={Roux, Simon and Hallam, Steven J and Woyke, Tanja and Sullivan, Matthew B},
	journal={Elife},
	volume={4},
	pages={e08490},
	year={2015},
	publisher={eLife Sciences Publications Limited}
}

@article{fiannaca2018deep,
	title={Deep learning models for bacteria taxonomic classification of metagenomic data},
	author={Fiannaca, Antonino and La Paglia, Laura and La Rosa, Massimo and Renda, Giovanni and Rizzo, Riccardo and Gaglio, Salvatore and Urso, Alfonso and others},
	journal={BMC bioinformatics},
	volume={19},
	number={7},
	pages={198},
	year={2018},
	publisher={BioMed Central}
}

@article{akhter2012phispy,
	title={PhiSpy: a novel algorithm for finding prophages in bacterial genomes that combines similarity-and composition-based strategies},
	author={Akhter, Sajia and Aziz, Ramy K and Edwards, Robert A},
	journal={Nucleic acids research},
	volume={40},
	number={16},
	pages={e126--e126},
	year={2012},
	publisher={Oxford University Press}
}

@book{izard2014metagenomics,
	title={Metagenomics for Microbiology},
	author={Izard, Jacques and Rivera, Maria},
	year={2014},
	publisher={Academic Press}
}

@article{minot2011human,
	title={The human gut virome: inter-individual variation and dynamic response to diet},
	author={Minot, Samuel and Sinha, Rohini and Chen, Jun and Li, Hongzhe and Keilbaugh, Sue A and Wu, Gary D and Lewis, James D and Bushman, Frederic D},
	journal={Genome research},
	year={2011},
	publisher={Cold Spring Harbor Lab}
}

@article{angermueller2016deep,
	title={Deep learning for computational biology},
	author={Angermueller, Christof and P{\"a}rnamaa, Tanel and Parts, Leopold and Stegle, Oliver},
	journal={Molecular systems biology},
	volume={12},
	number={7},
	pages={878},
	year={2016},
	publisher={EMBO Press}
}

@article{zhou2011phast,
	title={PHAST: a fast phage search tool},
	author={Zhou, You and Liang, Yongjie and Lynch, Karlene H and Dennis, Jonathan J and Wishart, David S},
	journal={Nucleic acids research},
	volume={39},
	number={suppl\_2},
	pages={W347--W352},
	year={2011},
	publisher={Oxford University Press}
}

@article{fouts2006phage_finder,
	title={Phage\_Finder: automated identification and classification of prophage regions in complete bacterial genome sequences},
	author={Fouts, Derrick E},
	journal={Nucleic acids research},
	volume={34},
	number={20},
	pages={5839--5851},
	year={2006},
	publisher={Oxford University Press}
}

@article{lima2008prophinder,
	title={Prophinder: a computational tool for prophage prediction in prokaryotic genomes},
	author={Lima-Mendez, Gipsi and Van Helden, Jacques and Toussaint, Ariane and Leplae, Rapha{\"e}l},
	journal={Bioinformatics},
	volume={24},
	number={6},
	pages={863--865},
	year={2008},
	publisher={Oxford University Press}
}

@article{roux2011metavir,
	title={Metavir: a web server dedicated to virome analysis},
	author={Roux, Simon and Faubladier, Micha{\"e}l and Mahul, Antoine and Paulhe, Nils and Bernard, Aur{\'e}lien and Debroas, Didier and Enault, Fran{\c{c}}ois},
	journal={Bioinformatics},
	volume={27},
	number={21},
	pages={3074--3075},
	year={2011},
	publisher={Oxford University Press}
}

@article{wommack2012virome,
	title={VIROME: a standard operating procedure for analysis of viral metagenome sequences},
	author={Wommack, K Eric and Bhavsar, Jaysheel and Polson, Shawn W and Chen, Jing and Dumas, Michael and Srinivasiah, Sharath and Furman, Megan and Jamindar, Sanchita and Nasko, Daniel J},
	journal={Standards in genomic sciences},
	volume={6},
	number={3},
	pages={421},
	year={2012},
	publisher={BioMed Central}
}

@article{buchfink2014Diamond,
	title={Fast and sensitive protein alignment using DIAMOND},
	author={Buchfink, Benjamin and Xie, Chao and Huson, Daniel H},
	journal={Nature methods},
	volume={12},
	number={1},
	pages={59},
	year={2014},
	publisher={Nature Publishing Group}
}
@article{kim2016centrifuge,
	title={Centrifuge: rapid and sensitive classification of metagenomic sequences},
	author={Kim, Daehwan and Song, Li and Breitwieser, Florian P and Salzberg, Steven L},
	journal={Genome research},
	year={2016},
	publisher={Cold Spring Harbor Lab}
}

@article{angly2012grinder,
	title={Grinder: a versatile amplicon and shotgun sequence simulator},
	author={Angly, Florent E and Willner, Dana and Rohwer, Forest and Hugenholtz, Philip and Tyson, Gene W},
	journal={Nucleic acids research},
	volume={40},
	number={12},
	pages={e94--e94},
	year={2012},
	publisher={Oxford University Press}
}

@article{laehnemann2015denoising,
	title={Denoising DNA deep sequencing dataâ€”high-throughput sequencing errors and their correction},
	author={Laehnemann, David and Borkhardt, Arndt and McHardy, Alice Carolyn},
	journal={Briefings in bioinformatics},
	volume={17},
	number={1},
	pages={154--179},
	year={2015},
	publisher={Oxford University Press}
}

@article{hochreiter1997long,
  title={Long short-term memory},
  author={Hochreiter, Sepp and Schmidhuber, J{\"u}rgen},
  journal={Neural computation},
  volume={9},
  number={8},
  pages={1735--1780},
  year={1997},
  publisher={MIT Press}
}

@article{chung2014empirical,
  title={Empirical evaluation of gated recurrent neural networks on sequence modeling},
  author={Chung, Junyoung and Gulcehre, Caglar and Cho, KyungHyun and Bengio, Yoshua},
  journal={arXiv preprint arXiv:1412.3555},
  year={2014}
}

@article{labonte2015single,
	title={Single-cell genomics-based analysis of virus--host interactions in marine surface bacterioplankton},
	author={Labont{\'e}, Jessica M and Swan, Brandon K and Poulos, Bonnie and Luo, Haiwei and Koren, Sergey and Hallam, Steven J and Sullivan, Matthew B and Woyke, Tanja and Wommack, K Eric and Stepanauskas, Ramunas},
	journal={The ISME journal},
	volume={9},
	number={11},
	pages={2386},
	year={2015},
	publisher={Nature Publishing Group}
}

@article{allali2017comparison,
	title={A comparison of sequencing platforms and bioinformatics pipelines for compositional analysis of the gut microbiome},
	author={Allali, Imane and Arnold, Jason W and Roach, Jeffrey and Cadenas, Maria Belen and Butz, Natasha and Hassan, Hosni M and Koci, Matthew and Ballou, Anne and Mendoza, Mary and Ali, Rizwana and others},
	journal={BMC microbiology},
	volume={17},
	number={1},
	pages={194},
	year={2017},
	publisher={BioMed Central}
}